@Misc{ xbow:telosb-datasheet,
    title = "{TelosB Datasheet}",
    publisher = "{Crossbow}",
    note = "\url{http://www.xbow.com/Products/Product_pdf_files/Wireless_pdf/TelosB_Datasheet.pdf}",
}

@Misc{ tep119:collection,
    author = "Rodrigo Fonseca and Omprakash Gnawali and Kyle Jamieson and
        Philip Levis",
    title = "Collection",
    series = "TinyOS Enhancement Proposals",
    number = "119",
    howpublished = "TEP 119 (Documentary)",
    note = "TinyOS-2.x, URL
        \url{http://www.tinyos.net/dist-2.0.0/tinyos-2.x/doc/html/tep119.html}",
}

